@comment{x-kbibtex-personnameformatting=<%f ><%l>< %s>}

@article{heymsJAM79,
	risfield_0_da = {1979/01/01},
	risfield_1_do = {10.1175/1520-0450(1979)018<0092:OOEFWO>2.0.CO;2},
	risfield_2_t2 = {Journal of Applied Meteorology},
	risfield_3_m3 = {doi: 10.1175/1520-0450(1979)018<0092:OOEFWO>2.0.CO;2},
	author = {Heymsfield Andrew J. and Dye James E. and Biter Cleon J.},
	issn = {0021-8952},
	journal = {Journal of Applied Meteorology},
	note = {doi: 10.1175/1520-0450(1979)018<0092:OOEFWO>2.0.CO;2},
	number = {1},
	pages = {92--95},
	publisher = {American Meteorological Society},
	title = {{Overestimates of Entrainment From Wetting of Aircraft Temperature Sensors in Cloud}},
	volume = {18},
	year = {1979}
}

