
@article{ ISI:000315197500004,
Author = {Parish, Thomas R. and Leon, David},
Title = {{Measurement of Cloud Perturbation Pressures Using an Instrumented
   Aircraft}},
Journal = {{JOURNAL OF ATMOSPHERIC AND OCEANIC TECHNOLOGY}},
Year = {{2013}},
Volume = {{30}},
Number = {{2}},
Pages = {{215-229}},
Month = {{FEB}},
Type = {{Article}},
Affiliation = {{Parish, TR (Reprint Author), Univ Wyoming, Dept Atmospher Sci, 1000 E Univ Ave, Laramie, WY 82071 USA.
   Parish, Thomas R.; Leon, David, Univ Wyoming, Dept Atmospher Sci, Laramie, WY 82071 USA.}},
DOI = {{10.1175/JTECH-D-12-00011.1}},
ISSN = {{0739-0572}},
Keywords-Plus = {{TRAPPED WIND REVERSAL; AGEOSTROPHIC WINDS; INERTIAL ALTITUDE; JET;
   STRATOCUMULUS; BASE}},
Author-Email = {{parish@uwyo.edu}},
Journal-ISO = {{J. Atmos. Ocean. Technol.}},
Unique-ID = {{ISI:000315197500004}},
}

@article{ ISI:000311804400001,
Author = {Rodi, A. R. and Leon, D. C.},
Title = {{Correction of static pressure on a research aircraft in accelerated
   flight using differential pressure measurements}},
Journal = {{ATMOSPHERIC MEASUREMENT TECHNIQUES}},
Year = {{2012}},
Volume = {{5}},
Number = {{11}},
Pages = {{2569-2579}},
Type = {{Article}},
Affiliation = {{Rodi, AR (Reprint Author), Univ Wyoming, Dept Atmospher Sci, Laramie, WY 82071 USA.
   Rodi, A. R.; Leon, D. C., Univ Wyoming, Dept Atmospher Sci, Laramie, WY 82071 USA.}},
DOI = {{10.5194/amt-5-2569-2012}},
ISSN = {{1867-1381}},
Keywords-Plus = {{LOW-LEVEL JET; SYSTEM}},
Author-Email = {{rodi@uwyo.edu}},
Journal-ISO = {{Atmos. Meas. Tech.}},
Unique-ID = {{ISI:000311804400001}},
}

@article{ ISI:000287574600008,
Author = {Spuler, Scott M. and Richter, Dirk and Spowart, Michael P. and Rieken,
   Kathrin},
Title = {{Optical fiber-based laser remote sensor for airborne measurement of wind
   velocity and turbulence}},
Journal = {{APPLIED OPTICS}},
Year = {{2011}},
Volume = {{50}},
Number = {{6}},
Pages = {{842-851}},
Month = {{FEB 20}},
Type = {{Article}},
Affiliation = {{Spuler, SM (Reprint Author), Natl Ctr Atmospher Res, Earth Observing Lab, POB 3000, Boulder, CO 80307 USA.
   Spuler, Scott M.; Richter, Dirk; Spowart, Michael P.; Rieken, Kathrin, Natl Ctr Atmospher Res, Earth Observing Lab, Boulder, CO 80307 USA.}},
DOI = {{10.1364/AO.50.000842}},
ISSN = {{1559-128X}},
Keywords-Plus = {{BACKSCATTER; AEROSOL}},
Author-Email = {{spuler@ucar.edu}},
Journal-ISO = {{Appl. Optics}},
Unique-ID = {{ISI:000287574600008}},
}

@article{ ISI:000245222000015,
Author = {Parish, Thomas R. and Burkhart, Matthew D. and Rodi, Alfred R.},
Title = {{Determination of the horizontal pressure gradient force using global
   positioning system on board an instrumented aircraft}},
Journal = {{JOURNAL OF ATMOSPHERIC AND OCEANIC TECHNOLOGY}},
Year = {{2007}},
Volume = {{24}},
Number = {{3}},
Pages = {{521-528}},
Month = {{MAR}},
Type = {{Article}},
Affiliation = {{Parish, TR (Reprint Author), Univ Wyoming, Dept Atmospher Sci, Laramie, WY 82071 USA.
   Univ Wyoming, Dept Atmospher Sci, Laramie, WY 82071 USA.}},
DOI = {{10.1175/JTECH1986.1}},
ISSN = {{0739-0572}},
Keywords-Plus = {{AGEOSTROPHIC WINDS; JET}},
Author-Email = {{parish@uwyo.edu}},
Journal-ISO = {{J. Atmos. Ocean. Technol.}},
Unique-ID = {{ISI:000245222000015}},
}

@article{ ISI:000184637900006,
Author = {Traub, LW and Rediniotis, O},
Title = {{Analytic prediction of surface pressures over a hemisphere-cylinder at
   incidence}},
Journal = {{JOURNAL OF AIRCRAFT}},
Year = {{2003}},
Volume = {{40}},
Number = {{4}},
Pages = {{645-652}},
Month = {{JUL-AUG}},
Type = {{Article}},
Affiliation = {{Traub, LW (Reprint Author), Texas A\&M Univ, Dept Aerosp Engn, College Stn, TX 77843 USA.
   Texas A\&M Univ, Dept Aerosp Engn, College Stn, TX 77843 USA.}},
DOI = {{10.2514/2.3168}},
ISSN = {{0021-8669}},
Keywords-Plus = {{VORTEX BREAKDOWN; DELTA-WINGS}},
Journal-ISO = {{J. Aircr.}},
Unique-ID = {{ISI:000184637900006}},
}

@article{ ISI:000081507700006,
Author = {Khelif, D and Burns, SP and Friehe, CA},
Title = {{Improved wind measurements on research aircraft}},
Journal = {{JOURNAL OF ATMOSPHERIC AND OCEANIC TECHNOLOGY}},
Year = {{1999}},
Volume = {{16}},
Number = {{7}},
Pages = {{860-875}},
Month = {{JUL}},
Type = {{Article}},
Affiliation = {{Khelif, D (Reprint Author), Univ Calif Irvine, Dept Mech \& Aerosp Engn, Irvine, CA 92697 USA.
   Univ Calif Irvine, Dept Mech \& Aerosp Engn, Irvine, CA 92697 USA.}},
DOI = {{10.1175/1520-0426(1999)016<0860:IWMORA>2.0.CO;2}},
ISSN = {{0739-0572}},
Keywords-Plus = {{BOUNDARY-LAYER RESEARCH; NOAAS P-3 AIRCRAFT; AIR-MOTION SYSTEM; INERTIAL
   NAVIGATION; TURBULENCE MEASUREMENTS; LORAN-C; PRESSURE}},
ResearcherID-Numbers = {{Burns, Sean/A-9352-2008}},
Journal-ISO = {{J. Atmos. Ocean. Technol.}},
Unique-ID = {{ISI:000081507700006}},
}

@article{ ISI:000078683100005,
Author = {Giez, A and Ehret, G and Schwiesow, RL and Davis, KJ and Lenschow, DH},
Title = {{Water vapor flux measurements from ground-based vertically pointed water
   vapor differential absorption and Doppler lidars}},
Journal = {{JOURNAL OF ATMOSPHERIC AND OCEANIC TECHNOLOGY}},
Year = {{1999}},
Volume = {{16}},
Number = {{2}},
Pages = {{237-250}},
Month = {{FEB}},
Type = {{Article}},
Affiliation = {{Giez, A (Reprint Author), DLR, Inst Phys Atmosphare, Postfach 116, D-82230 Wessling, Germany.
   DLR, Inst Atmospher Phys, Oberpfaffenhofen, Germany.
   Natl Ctr Atmospher Res, Boulder, CO 80307 USA.}},
DOI = {{10.1175/1520-0426(1999)016<0237:WVFMFG>2.0.CO;2}},
ISSN = {{0739-0572}},
Keywords-Plus = {{CONVECTIVE BOUNDARY-LAYER; 720-NM WAVELENGTH REGION; SYSTEM;
   TROPOSPHERE; TURBULENCE}},
Author-Email = {{andreas.giez@dlr.de}},
Journal-ISO = {{J. Atmos. Ocean. Technol.}},
Unique-ID = {{ISI:000078683100005}},
}

@article{ ISI:A1997XX16200009,
Author = {Mayor, SD and Lenschow, DH and Schwiesow, RL and Mann, J and Frush, CL
   and Simon, MK},
Title = {{Validation of NCAR 10.6-mu m CO2 Doppler lidar radial velocity
   measurements and comparison with a 915-MHz profiler}},
Journal = {{JOURNAL OF ATMOSPHERIC AND OCEANIC TECHNOLOGY}},
Year = {{1997}},
Volume = {{14}},
Number = {{5}},
Pages = {{1110-1126}},
Month = {{OCT}},
Type = {{Article}},
Affiliation = {{NATL CTR ATMOSPHER RES,BOULDER,CO 80307.
   BALL AEROSP \& TECHNOL CORP,BOULDER,CO.
   RISO NATL LAB,DK-4000 ROSKILDE,DENMARK.
   NOAA,BOULDER,CO.}},
DOI = {{10.1175/1520-0426(1997)014<1110:VONMCD>2.0.CO;2}},
ISSN = {{0739-0572}},
Keywords-Plus = {{COHERENT LASER-RADAR; BOUNDARY-LAYER; SOUNDING SYSTEM; WIND PROFILER;
   PERFORMANCE; FLUXES; 2-MU-M; HEAT}},
Journal-ISO = {{J. Atmos. Ocean. Technol.}},
Unique-ID = {{ISI:A1997XX16200009}},
}

@article{ ISI:A1996VR82400004,
Author = {Crawford, TL and Dobosy, RJ and Dumas, EJ},
Title = {{Aircraft wind measurement considering lift-induced upwash}},
Journal = {{BOUNDARY-LAYER METEOROLOGY}},
Year = {{1996}},
Volume = {{80}},
Number = {{1-2}},
Pages = {{79-94}},
Month = {{JUL}},
Type = {{Article}},
Affiliation = {{Crawford, TL (Reprint Author), NOAA,AIR RESOURCES LAB,ATMOSPHER TURBULENCE \& DIFFUS DIV,POB 2456,OAK RIDGE,TN 37831, USA.}},
DOI = {{10.1007/BF00119012}},
ISSN = {{0006-8314}},
Keywords-Plus = {{ATMOSPHERIC-TURBULENCE MEASUREMENTS; INDUCED FLOW DISTORTION; PROBE;
   FLUX}},
Journal-ISO = {{Bound.-Layer Meteor.}},
Unique-ID = {{ISI:A1996VR82400004}},
}

@article{ ISI:A1992KR03700005,
Author = {FRIEHE, CA and KHELIF, D},
Title = {{FAST-RESPONSE AIRCRAFT TEMPERATURE SENSORS}},
Journal = {{JOURNAL OF ATMOSPHERIC AND OCEANIC TECHNOLOGY}},
Year = {{1992}},
Volume = {{9}},
Number = {{6}},
Pages = {{784-795}},
Month = {{DEC}},
Type = {{Article}},
Affiliation = {{FRIEHE, CA (Reprint Author), UNIV CALIF IRVINE,DEPT MECH ENGN,IRVINE,CA 92717, USA.}},
DOI = {{10.1175/1520-0426(1992)009<0784:FRATS>2.0.CO;2}},
ISSN = {{0739-0572}},
Journal-ISO = {{J. Atmos. Ocean. Technol.}},
Unique-ID = {{ISI:A1992KR03700005}},
}

@article{ ISI:A1991FC51500002,
Author = {BOGEL, W and BAUMANN, R},
Title = {{TEST AND CALIBRATION OF THE DLR FALCON WIND MEASURING SYSTEM BY
   MANEUVERS}},
Journal = {{JOURNAL OF ATMOSPHERIC AND OCEANIC TECHNOLOGY}},
Year = {{1991}},
Volume = {{8}},
Number = {{1}},
Pages = {{5-18}},
Month = {{FEB}},
Type = {{Article}},
Affiliation = {{BOGEL, W (Reprint Author), DLR,NE PA,GERMAN AEROSP RES ESTAB,INST PHYS ATMOSPHERE,W-8031 OBERPFAFFENHOFEN,GERMANY.}},
DOI = {{10.1175/1520-0426(1991)008<0005:TACOTD>2.0.CO;2}},
ISSN = {{0739-0572}},
Journal-ISO = {{J. Atmos. Ocean. Technol.}},
Unique-ID = {{ISI:A1991FC51500002}},
}

@article{ ISI:A1991FC51500005,
Author = {LEACH, BW and MACPHERSON, JI},
Title = {{AN APPLICATION OF KALMAN FILTERING TO AIRBORNE WIND MEASUREMENT}},
Journal = {{JOURNAL OF ATMOSPHERIC AND OCEANIC TECHNOLOGY}},
Year = {{1991}},
Volume = {{8}},
Number = {{1}},
Pages = {{51-65}},
Month = {{FEB}},
Type = {{Article}},
Affiliation = {{LEACH, BW (Reprint Author), NATL RES COUNCIL CANADA,NATL AERONAUT ESTAB,FLIGHT RES LAB,NRC BLDG U-61,MONTREAL RD,OTTAWA K1A 0R6,ONTARIO,CANADA.}},
DOI = {{10.1175/1520-0426(1991)008<0051:AAOKFT>2.0.CO;2}},
ISSN = {{0739-0572}},
Journal-ISO = {{J. Atmos. Ocean. Technol.}},
Unique-ID = {{ISI:A1991FC51500005}},
}

@article{ ISI:A1988Q992500015,
Author = {LEMONE, MA and TARLETON, LF and BARNES, GM},
Title = {{PERTURBATION PRESSURE AT THE BASE OF CUMULUS CLOUDS IN LOW SHEAR}},
Journal = {{MONTHLY WEATHER REVIEW}},
Year = {{1988}},
Volume = {{116}},
Number = {{10}},
Pages = {{2062-2068}},
Month = {{OCT}},
Type = {{Article}},
Affiliation = {{LEMONE, MA (Reprint Author), NATL CTR ATMOSPHER RES,POB 3000,BOULDER,CO 80307, USA.}},
DOI = {{10.1175/1520-0493(1988)116<2062:PPATBO>2.0.CO;2}},
ISSN = {{0027-0644}},
Journal-ISO = {{Mon. Weather Rev.}},
Unique-ID = {{ISI:A1988Q992500015}},
}

@article{ ISI:000208419500009,
Author = {LeMone, Margaret A. and Tarleton, Lesley F.},
Title = {{The Use of Inertial Altitude in the Determination of the
   Convective-Scale Pressure Field over Land}},
Journal = {{JOURNAL OF ATMOSPHERIC AND OCEANIC TECHNOLOGY}},
Year = {{1986}},
Volume = {{3}},
Number = {{4}},
Pages = {{650-661}},
Month = {{DEC}},
Type = {{Article}},
Affiliation = {{LeMone, MA (Reprint Author), Natl Ctr Atmospher Res, POB 3000, Boulder, CO 80307 USA.
   LeMone, Margaret A.; Tarleton, Lesley F., Natl Ctr Atmospher Res, Boulder, CO 80307 USA.}},
DOI = {{10.1175/1520-0426(1986)003<0650:TUOIAI>2.0.CO;2}},
ISSN = {{0739-0572}},
Journal-ISO = {{J. Atmos. Ocean. Technol.}},
Unique-ID = {{ISI:000208419500009}},
}

@article{ ISI:A1983QK21400016,
Author = {BROWN, EN and FRIEHE, CA and LENSCHOW, DH},
Title = {{THE USE OF PRESSURE-FLUCTUATIONS ON THE NOSE OF AN AIRCRAFT FOR
   MEASURING AIR MOTION}},
Journal = {{JOURNAL OF CLIMATE AND APPLIED METEOROLOGY}},
Year = {{1983}},
Volume = {{22}},
Number = {{1}},
Pages = {{171-180}},
Type = {{Article}},
Affiliation = {{BROWN, EN (Reprint Author), NATL CTR ATMOSPHER RES,RES AVIAT FACIL,BOULDER,CO 80307, USA.}},
DOI = {{10.1175/1520-0450(1983)022<0171:TUOPFO>2.0.CO;2}},
ISSN = {{0733-3021}},
Unique-ID = {{ISI:A1983QK21400016}},
}

@article{ ISI:A1981MS23900009,
Author = {BROWN, EN and SHAPIRO, MA and KENNEDY, PJ and FRIEHE, CA},
Title = {{THE APPLICATION OF AIRBORNE RADAR ALTIMETRY TO THE MEASUREMENT OF HEIGHT
   AND SLOPE OF ISOBARIC SURFACES}},
Journal = {{JOURNAL OF APPLIED METEOROLOGY}},
Year = {{1981}},
Volume = {{20}},
Number = {{9}},
Pages = {{1070-1075}},
Type = {{Article}},
Affiliation = {{BROWN, EN (Reprint Author), NATL CTR ATMOSPHER RES,BOULDER,CO 80307, USA.}},
DOI = {{10.1175/1520-0450(1981)020<1070:TAOARA>2.0.CO;2}},
ISSN = {{0894-8763}},
Journal-ISO = {{J. Appl. Meteorol.}},
Unique-ID = {{ISI:A1981MS23900009}},
}

@article{ ISI:A1981NF51300020,
Author = {BUCK, AL},
Title = {{NEW EQUATIONS FOR COMPUTING VAPOR-PRESSURE AND ENHANCEMENT FACTOR}},
Journal = {{JOURNAL OF APPLIED METEOROLOGY}},
Year = {{1981}},
Volume = {{20}},
Number = {{12}},
Pages = {{1527-1532}},
Type = {{Note}},
Affiliation = {{BUCK, AL (Reprint Author), NATL CTR ATMOSPHER RES,BOULDER,CO 80307, USA.}},
DOI = {{10.1175/1520-0450(1981)020<1527:NEFCVP>2.0.CO;2}},
ISSN = {{0894-8763}},
Journal-ISO = {{J. Appl. Meteorol.}},
Unique-ID = {{ISI:A1981NF51300020}},
}

@article{ ISI:A1981NC38100007,
Author = {SHAPIRO, MA and KENNEDY, PJ},
Title = {{RESEARCH AIRCRAFT MEASUREMENTS OF JET-STREAM GEOSTROPHIC AND
   AGEOSTROPHIC WINDS}},
Journal = {{JOURNAL OF THE ATMOSPHERIC SCIENCES}},
Year = {{1981}},
Volume = {{38}},
Number = {{12}},
Pages = {{2642-2652}},
Type = {{Article}},
Affiliation = {{SHAPIRO, MA (Reprint Author), NATL CTR ATMOSPHER RES,POB 3000,BOULDER,CO 80307, USA.}},
DOI = {{10.1175/1520-0469(1981)038<2642:RAMOJS>2.0.CO;2}},
ISSN = {{0022-4928}},
Journal-ISO = {{J. Atmos. Sci.}},
Unique-ID = {{ISI:A1981NC38100007}},
}

@article{ ISI:A1971L638600015,
Author = {BLANCHAR.RL},
Title = {{NEW ALGORITHM FOR COMPUTING INERTIAL ALTITUDE AND VERTICAL VELOCITY}},
Journal = {{IEEE TRANSACTIONS ON AEROSPACE AND ELECTRONIC SYSTEMS}},
Year = {{1971}},
Volume = {{AES7}},
Number = {{6}},
Pages = {{1143-\&}},
Type = {{Article}},
DOI = {{10.1109/TAES.1971.310216}},
ISSN = {{0018-9251}},
Journal-ISO = {{IEEE Trans. Aerosp. Electron. Syst.}},
Unique-ID = {{ISI:A1971L638600015}},
}

@article{ ISI:A1965CLA3200015,
Author = {NELDER, JA and MEAD, R},
Title = {{A SIMPLEX-METHOD FOR FUNCTION MINIMIZATION}},
Journal = {{COMPUTER JOURNAL}},
Year = {{1965}},
Volume = {{7}},
Number = {{4}},
Pages = {{308-313}},
Type = {{Article}},
ISSN = {{0010-4620}},
Journal-ISO = {{Comput. J.}},
Unique-ID = {{ISI:A1965CLA3200015}},
}
