@comment{x-kbibtex-personnameformatting=<%f ><%l>< %s>}

@article{RIS_0,
	risfield_0_da = {1964/03/01},
	risfield_1_do = {10.2514/3.43563},
	risfield_2_t2 = {Journal of Aircraft},
	risfield_3_m3 = {doi: 10.2514/3.43563},
	author = {{IKHTIARI P. A.} and {MARTH V. G.}},
	doi = {http://dx.doi.org/10.2514/3.43563},
	issn = {0021-8669},
	journal = {Journal of Aircraft},
	note = {doi: 10.2514/3.43563},
	number = {2},
	pages = {93--94},
	publisher = {American Institute of Aeronautics and Astronautics},
	title = {{Trailing cone static pressure measurement device}},
	volume = {1},
	year = {1964}
}

