@comment{x-kbibtex-personnameformatting=<%f ><%l>< %s>}

@article{RIS_0,
	risfield_0_da = {1987/03/01},
	risfield_1_do = {10.1175/1520-0426(1987)004<0113:AALAMS>2.0.CO;2},
	risfield_2_t2 = {Journal of Atmospheric and Oceanic Technology},
	risfield_3_m3 = {doi: 10.1175/1520-0426(1987)004<0113:AALAMS>2.0.CO;2},
	author = {{Keeler R. J.} and {Serafin R. J.} and {Schwiesow R. L.} and {Lenschow D. H.} and {Vaughan J. M.} and {Woodfield A. A.}},
	doi = {http://dx.doi.org/10.1175/1520-0426(1987)004<0113:AALAMS>2.0.CO;2},
	issn = {0739-0572},
	journal = {Journal of Atmospheric and Oceanic Technology},
	note = {doi: 10.1175/1520-0426(1987)004<0113:AALAMS>2.0.CO;2},
	number = {1},
	pages = {113--127},
	publisher = {American Meteorological Society},
	title = {{An Airborne Laser Air Motion Sensing System. Part I: Concept and Preliminary Experiment}},
	volume = {4},
	year = {1987}
}

@article{RIS_1,
	risfield_0_da = {1987/03/01},
	risfield_1_do = {10.1175/1520-0426(1987)004<0128:AALAMS>2.0.CO;2},
	risfield_2_t2 = {Journal of Atmospheric and Oceanic Technology},
	risfield_3_m3 = {doi: 10.1175/1520-0426(1987)004<0128:AALAMS>2.0.CO;2},
	author = {{Kristensen Leif} and {Lenschow Donald H.}},
	doi = {http://dx.doi.org/10.1175/1520-0426(1987)004<0128:AALAMS>2.0.CO;2},
	issn = {0739-0572},
	journal = {Journal of Atmospheric and Oceanic Technology},
	note = {doi: 10.1175/1520-0426(1987)004<0128:AALAMS>2.0.CO;2},
	number = {1},
	pages = {128--138},
	publisher = {American Meteorological Society},
	title = {{An Airborne Laser Air Motion Sensing System. Part II: Design Criteria and Measurement Possibilities}},
	volume = {4},
	year = {1987}
}

