@comment{x-kbibtex-personnameformatting=<%f ><%l>< %s>}

@article{RIS_0,
	risfield_0_da = {1945/03/01},
	risfield_1_do = {10.1175/1520-0469(1945)002<0001:TUOPAA>2.0.CO;2},
	risfield_2_t2 = {Journal of Meteorology},
	risfield_3_m3 = {doi: 10.1175/1520-0469(1945)002<0001:TUOPAA>2.0.CO;2},
	author = {{Bellamy John C.}},
	doi = {http://dx.doi.org/10.1175/1520-0469(1945)002<0001:TUOPAA>2.0.CO;2},
	issn = {0095-9634},
	journal = {Journal of Meteorology},
	note = {doi: 10.1175/1520-0469(1945)002<0001:TUOPAA>2.0.CO;2},
	number = {1},
	pages = {1--79},
	publisher = {American Meteorological Society},
	title = {{THE USE OF PRESSURE ALTITUDE AND ALTIMETER CORRECTIONS IN METEOROLOGY}},
	volume = {2},
	year = {1945}
}

