@comment{x-kbibtex-personnameformatting=<%f ><%l>< %s>}

@inbook{RIS_0,
	risfield_0_m1 = {0},
	risfield_1_do = {doi:10.2514/6.2010-1350},
	risfield_2_m3 = {doi:10.2514/6.2010-1350},
	risfield_3_t2 = {48th AIAA Aerospace Sciences Meeting Including the New Horizons Forum and Aerospace Exposition},
	author = {John Foster and Kevin Cunningham},
	doi = {http://dx.doi.org/10.2514/6.2010-1350},
	month = {jan},
	note = {doi:10.2514/6.2010-1350},
	publisher = {American Institute of Aeronautics and Astronautics},
	series = {{Aerospace Sciences Meetings}},
	title = {{A GPS-Based Pitot-Static Calibration Method Using Global Output Error Optimization}},
	year = {2010}
}

@inbook{RIS_1,
	risfield_0_m1 = {0},
	risfield_1_do = {doi:10.2514/6.2011-6669},
	risfield_2_m3 = {doi:10.2514/6.2011-6669},
	risfield_3_t2 = {AIAA Atmospheric Flight Mechanics Conference},
	author = {Borja Martos and Paul Kiszely and John Foster},
	doi = {http://dx.doi.org/10.2514/6.2011-6669},
	month = {aug},
	note = {doi:10.2514/6.2011-6669},
	publisher = {American Institute of Aeronautics and Astronautics},
	series = {{Guidance, Navigation, and Control and Co-located Conferences}},
	title = {{Flight Test Results Of A GPS-Based Pitot-Static Calibration Method Using Output-Error Optimization For a Light Twin-Engine Airplane}},
	year = {2011}
}

