@book{balachandran2006fundamentals,
  title={FUNDAMENTALS OF COMPRESSIBLE FLUID DYNAMICS},
  author={BALACHANDRAN, P.},
  isbn={9788120328570},
  url={http://books.google.com/books?id=KEzdXmXgaHkC},
  year={2006},
  publisher={PHI Learning}
}
