@book{united1951technical,
  title={Technical Note - National Advisory Committee for Aeronautics},
  author={United States. National Advisory Committee for Aeronautics},
  number={nos. 2331-2340},
  lccn={59003380},
  issn={0097-2177},
  series={Technical Note - National Advisory Committee for Aeronautics},
  url={http://books.google.com/books?id=bV4iAQAAMAAJ},
  year={1951},
  publisher={National Advisory Committee for Aeronautics}
}
