@book{united1943naca,
  title={NACA technical note},
  author={United States. National Advisory Committee for Aeronautics},
  number={v. 901-909},
  series={NACA Technical Note},
  url={http://books.google.com/books?id=DX9DAQAAIAAJ},
  year={1943}
}
