@book{10244,
	author = "Pankhurst, R. C., and joint author. and cn",
	edition = "5th ed. (in SI/metric units).",
	title = "The measurement of air flow /",
	address = "Oxford ;",
	publisher = "Pergamon Press,",
	year = "1977."
}
