copy AMT.bib to /usr/share/texlive/texmf-dist/bibtex/bib/copernicus
and enable hyperref
